@article{Chemakin:2007aa,
      author         = "Chemakin, I. and others",
      title          = "{Pion production by protons on a thin beryllium target at
                        6.4-Ge, 12.3-GeV/c, and 17.5-GeV/c incident proton
                        momenta}",
      collaboration  = "E910",
      journal        = "Phys. Rev.",
      volume         = "C77",
      year           = "2008",
      pages          = "015209",
      doi            = "10.1103/PhysRevC.77.049903, 10.1103/PhysRevC.77.015209",
      note           = "[Erratum: Phys. Rev.C77,049903(2008)]",
      eprint         = "0707.2375",
      archivePrefix  = "arXiv",
      primaryClass   = "nucl-ex",
      SLACcitation   = "%%CITATION = ARXIV:0707.2375;%%"
}


@article{Catanesi:2007ab,
      author         = "Catanesi, M. G. and others",
      title          = "{Measurement of the production cross-section of positive
                        pions in the collision of 8.9-GeV/c protons on beryllium}",
      collaboration  = "HARP",
      journal        = "Eur. Phys. J.",
      volume         = "C52",
      year           = "2007",
      pages          = "29-53",
      doi            = "10.1140/epjc/s10052-007-0382-8",
      eprint         = "hep-ex/0702024",
      archivePrefix  = "arXiv",
      primaryClass   = "hep-ex",
      SLACcitation   = "%%CITATION = HEP-EX/0702024;%%"
}

@article{AguilarArevalo:2008yp,
      author         = "Aguilar-Arevalo, A. A. and others",
      title          = "{The Neutrino Flux prediction at MiniBooNE}",
      collaboration  = "MiniBooNE",
      journal        = "Phys. Rev.",
      volume         = "D79",
      year           = "2009",
      pages          = "072002",
      doi            = "10.1103/PhysRevD.79.072002",
      eprint         = "0806.1449",
      archivePrefix  = "arXiv",
      primaryClass   = "hep-ex",
      reportNumber   = "FERMILAB-PUB-08-161-AD-E",
      SLACcitation   = "%%CITATION = ARXIV:0806.1449;%%"
}


@article{Church:2013hea,
      author         = "Church, Eric D.",
      title          = "{LArSoft: A Software Package for Liquid Argon Time
                        Projection Drift Chambers}",
      year           = "2013",
      eprint         = "1311.6774",
      archivePrefix  = "arXiv",
      primaryClass   = "physics.ins-det",
      SLACcitation   = "%%CITATION = ARXIV:1311.6774;%%"
}


@article{Agostinelli:2002hh,
      author         = "Agostinelli, S. and others",
      title          = "{GEANT4: A Simulation toolkit}",
      collaboration  = "GEANT4",
      journal        = "Nucl. Instrum. Meth.",
      volume         = "A506",
      year           = "2003",
      pages          = "250-303",
      doi            = "10.1016/S0168-9002(03)01368-8",
      reportNumber   = "SLAC-PUB-9350, FERMILAB-PUB-03-339",
      SLACcitation   = "%%CITATION = NUIMA,A506,250;%%"
}

@article{Andreopoulos:2009rq,
      author         = "Andreopoulos, C. and others",
      title          = "{The GENIE Neutrino Monte Carlo Generator}",
      journal        = "Nucl. Instrum. Meth.",
      volume         = "A614",
      year           = "2010",
      pages          = "87-104",
      doi            = "10.1016/j.nima.2009.12.009",
      eprint         = "0905.2517",
      archivePrefix  = "arXiv",
      primaryClass   = "hep-ph",
      reportNumber   = "FERMILAB-PUB-09-418-CD",
      SLACcitation   = "%%CITATION = ARXIV:0905.2517;%%"
}



@article{Antonello:2015lea,
      author         = "Antonello, M. and others",
      title          = "{A Proposal for a Three Detector Short-Baseline Neutrino
                        Oscillation Program in the Fermilab Booster Neutrino
                        Beam}",
      collaboration  = "LAr1-ND, ICARUS-WA104, MicroBooNE",
      year           = "2015",
      eprint         = "1503.01520",
      archivePrefix  = "arXiv",
      primaryClass   = "physics.ins-det",
      SLACcitation   = "%%CITATION = ARXIV:1503.01520;%%"
}


@article{Aguilar-Arevalo:2013pmq,
      author         = "Aguilar-Arevalo, A. A. and others",
      title          = "{Improved Search for $\bar \nu_\mu \rightarrow \bar
                        \nu_e$ Oscillations in the MiniBooNE Experiment}",
      collaboration  = "MiniBooNE",
      journal        = "Phys. Rev. Lett.",
      volume         = "110",
      year           = "2013",
      pages          = "161801",
      doi            = "10.1103/PhysRevLett.110.161801",
      eprint         = "1207.4809",
      archivePrefix  = "arXiv",
      primaryClass   = "hep-ex",
      reportNumber   = "LA-UR-13-21523, FERMILAB-PUB-13-066-AD-E-PPD,
                        arXiv:1303.2588",
      SLACcitation   = "%%CITATION = ARXIV:1207.4809;%%"
}


@article{Hampel:1997fc,
      author         = "Hampel, W. and others",
      title          = "{Final results of the Cr-51 neutrino source experiments
                        in GALLEX}",
      collaboration  = "GALLEX",
      journal        = "Phys. Lett.",
      volume         = "B420",
      year           = "1998",
      pages          = "114-126",
      doi            = "10.1016/S0370-2693(97)01562-1",
      reportNumber   = "DAPNIA-SPP-97-26, MPI-H-V41-1997, BNL-64864, ROM2F-97-45,
                        TUM-SFB-375-221",
      SLACcitation   = "%%CITATION = PHLTA,B420,114;%%"
}

@article{Abdurashitov:1998ne,
      author         = "Abdurashitov, J. N. and others",
      title          = "{Measurement of the response of the Russian-American
                        gallium experiment to neutrinos from a Cr-51 source}",
      collaboration  = "SAGE",
      journal        = "Phys. Rev.",
      volume         = "C59",
      year           = "1999",
      pages          = "2246-2263",
      doi            = "10.1103/PhysRevC.59.2246",
      eprint         = "hep-ph/9803418",
      archivePrefix  = "arXiv",
      primaryClass   = "hep-ph",
      reportNumber   = "SAGE-98-03",
      SLACcitation   = "%%CITATION = HEP-PH/9803418;%%"
}



@article{An:2015nua,
      author         = "An, Feng Peng and others",
      title          = "{Measurement of the Reactor Antineutrino Flux and
                        Spectrum at Daya Bay}",
      collaboration  = "Daya Bay",
      year           = "2015",
      eprint         = "1508.04233",
      archivePrefix  = "arXiv",
      primaryClass   = "hep-ex",
      SLACcitation   = "%%CITATION = ARXIV:1508.04233;%%"
}


@article{Mueller:2011nm,
      author         = "Mueller, Th. A. and others",
      title          = "{Improved Predictions of Reactor Antineutrino Spectra}",
      journal        = "Phys. Rev.",
      volume         = "C83",
      year           = "2011",
      pages          = "054615",
      doi            = "10.1103/PhysRevC.83.054615",
      eprint         = "1101.2663",
      archivePrefix  = "arXiv",
      primaryClass   = "hep-ex",
      reportNumber   = "IRFU-10-280",
      SLACcitation   = "%%CITATION = ARXIV:1101.2663;%%"
}



@article{Huber:2011wv,
      author         = "Huber, Patrick",
      title          = "{On the determination of anti-neutrino spectra from
                        nuclear reactors}",
      journal        = "Phys. Rev.",
      volume         = "C84",
      year           = "2011",
      pages          = "024617",
      doi            = "10.1103/PhysRevC.85.029901, 10.1103/PhysRevC.84.024617",
      note           = "[Erratum: Phys. Rev.C85,029901(2012)]",
      eprint         = "1106.0687",
      archivePrefix  = "arXiv",
      primaryClass   = "hep-ph",
      SLACcitation   = "%%CITATION = ARXIV:1106.0687;%%"
}


@article{Mention:2011rk,
      author         = "Mention, G. and Fechner, M. and Lasserre, Th. and
                        Mueller, Th. A. and Lhuillier, D. and Cribier, M. and
                        Letourneau, A.",
      title          = "{The Reactor Antineutrino Anomaly}",
      journal        = "Phys. Rev.",
      volume         = "D83",
      year           = "2011",
      pages          = "073006",
      doi            = "10.1103/PhysRevD.83.073006",
      eprint         = "1101.2755",
      archivePrefix  = "arXiv",
      primaryClass   = "hep-ex",
      SLACcitation   = "%%CITATION = ARXIV:1101.2755;%%"
}


@article{Kopp:2013vaa,
      author         = "Kopp, Joachim and Machado, Pedro A. N. and Maltoni,
                        Michele and Schwetz, Thomas",
      title          = "{Sterile Neutrino Oscillations: The Global Picture}",
      journal        = "JHEP",
      volume         = "05",
      year           = "2013",
      pages          = "050",
      doi            = "10.1007/JHEP05(2013)050",
      eprint         = "1303.3011",
      archivePrefix  = "arXiv",
      primaryClass   = "hep-ph",
      reportNumber   = "IFT-UAM-CSIC-13-026",
      SLACcitation   = "%%CITATION = ARXIV:1303.3011;%%"
}

@article{Giunti:2013aea,
      author         = "Giunti, C. and Laveder, M. and Li, Y. F. and Long, H. W.",
      title          = "{Pragmatic View of Short-Baseline Neutrino Oscillations}",
      journal        = "Phys. Rev.",
      volume         = "D88",
      year           = "2013",
      pages          = "073008",
      doi            = "10.1103/PhysRevD.88.073008",
      eprint         = "1308.5288",
      archivePrefix  = "arXiv",
      primaryClass   = "hep-ph",
      SLACcitation   = "%%CITATION = ARXIV:1308.5288;%%"
}

@article{Athanassopoulos:1996jb,
      author         = "Athanassopoulos, C. and others",
      title          = "{Evidence for anti-muon-neutrino --->
                        anti-electron-neutrino oscillations from the LSND
                        experiment at LAMPF}",
      collaboration  = "LSND",
      journal        = "Phys. Rev. Lett.",
      volume         = "77",
      year           = "1996",
      pages          = "3082-3085",
      doi            = "10.1103/PhysRevLett.77.3082",
      eprint         = "nucl-ex/9605003",
      archivePrefix  = "arXiv",
      primaryClass   = "nucl-ex",
      reportNumber   = "LA-UR-96-1582",
      SLACcitation   = "%%CITATION = NUCL-EX/9605003;%%"
}

@article{Athanassopoulos:1995iw,
      author         = "Athanassopoulos, C. and others",
      title          = "{Candidate events in a search for anti-muon-neutrino --->
                        anti-electron-neutrino oscillations}",
      collaboration  = "LSND",
      journal        = "Phys. Rev. Lett.",
      volume         = "75",
      year           = "1995",
      pages          = "2650-2653",
      doi            = "10.1103/PhysRevLett.75.2650",
      eprint         = "nucl-ex/9504002",
      archivePrefix  = "arXiv",
      primaryClass   = "nucl-ex",
      reportNumber   = "LA-UR-95-1238",
      SLACcitation   = "%%CITATION = NUCL-EX/9504002;%%"
}